<record><leader>00000cas a2200000 a 4500</leader><controlfield tag="001">11098266</controlfield><controlfield tag="008">840828d18881935ksuwr ne      0   a0eng c</controlfield><controlfield tag="009">3789</controlfield><datafield ind1=" " ind2=" " tag="010"><subfield code="a">sn 84029386 </subfield></datafield><datafield ind1=" " ind2=" " tag="040"><subfield code="a">KSH</subfield><subfield code="b">eng</subfield><subfield code="c">KSH</subfield><subfield code="d">NPT</subfield><subfield code="d">OCL</subfield><subfield code="d">DLC</subfield><subfield code="d">OCLCF</subfield></datafield><datafield ind1=" " ind2=" " tag="012"><subfield code="l">a</subfield></datafield><datafield ind1="0" ind2=" " tag="022"><subfield code="a">2163-4459</subfield><subfield code="2">1</subfield></datafield><datafield ind1=" " ind2=" " tag="042"><subfield code="a">pcc</subfield><subfield code="a">nsdp</subfield></datafield><datafield ind1=" " ind2=" " tag="043"><subfield code="a">n-us-ks</subfield></datafield><datafield ind1="0" ind2="0" tag="050"><subfield code="a">Newspaper</subfield></datafield><datafield ind1="1" ind2="0" tag="082"><subfield code="a">070</subfield><subfield code="2">14</subfield></datafield><datafield ind1=" " ind2="0" tag="222"><subfield code="a">Abilene weekly reflector</subfield></datafield><datafield ind1="0" ind2="0" tag="245"><subfield code="a">Abilene weekly reflector.</subfield></datafield><datafield ind1=" " ind2=" " tag="260"><subfield code="a">Abilene, Kan. :</subfield><subfield code="b">Reflector Pub.,</subfield><subfield code="c">1888-1935.</subfield></datafield><datafield ind1=" " ind2=" " tag="300"><subfield code="a">45 v. :</subfield><subfield code="b">ill. ;</subfield><subfield code="c">60 cm.</subfield></datafield><datafield ind1=" " ind2=" " tag="310"><subfield code="a">Weekly</subfield></datafield><datafield ind1="0" ind2=" " tag="362"><subfield code="a">Vol. 5, no. 36 (May 3, 1888)-v. 51, no. 23 (Feb. 21, 1935).</subfield></datafield><datafield ind1=" " ind2=" " tag="500"><subfield code="a">"Republican."</subfield></datafield><datafield ind1=" " ind2=" " tag="530"><subfield code="a">Available on microfilm from Micro Photo.</subfield></datafield><datafield ind1=" " ind2=" " tag="530"><subfield code="a">Archived issues are available in digital format as part of the Library of Congress Chronicling America online collection.</subfield></datafield><datafield ind1=" " ind2=" " tag="580"><subfield code="a">Issued also in daily edition called: Abilene daily reflector.</subfield></datafield><datafield ind1=" " ind2="0" tag="651"><subfield code="a">Abilene (Kan.)</subfield><subfield code="v">Newspapers.</subfield></datafield><datafield ind1=" " ind2="7" tag="655"><subfield code="a">Newspapers.</subfield><subfield code="2">fast</subfield><subfield code="0">(OCoLC)fst01423814</subfield></datafield><datafield ind1=" " ind2="7" tag="651"><subfield code="a">Kansas</subfield><subfield code="z">Abilene.</subfield><subfield code="2">fast</subfield><subfield code="0">(OCoLC)fst01212080</subfield></datafield><datafield ind1=" " ind2=" " tag="752"><subfield code="a">United States</subfield><subfield code="b">Kansas</subfield><subfield code="c">Dickinson</subfield><subfield code="d">Abilene.</subfield></datafield><datafield ind1="1" ind2=" " tag="775"><subfield code="t">Abilene daily reflector</subfield><subfield code="w">(DLC)sn 84029378</subfield><subfield code="w">(OCoLC)11098277</subfield></datafield><datafield ind1="0" ind2="0" tag="780"><subfield code="t">Abilene reflector</subfield><subfield code="w">(DLC)sn 84029385</subfield><subfield code="w">(OCoLC)11098250</subfield></datafield><datafield ind1="0" ind2="5" tag="780"><subfield code="t">Abilene daily chronicle</subfield><subfield code="g">July 14, 1928</subfield><subfield code="w">(DLC)sn 84029394</subfield><subfield code="w">(OCoLC)11098236</subfield></datafield><datafield ind1="0" ind2="4" tag="785"><subfield code="t">Abilene daily reflector</subfield><subfield code="w">(DLC)sn 84029378</subfield><subfield code="w">(OCoLC)11098277</subfield></datafield><datafield ind1="4" ind2="1" tag="856"><subfield code="u">http://www.loc.gov/chroniclingamerica/lccn/sn84029386/issues</subfield></datafield></record>